@Manual{R-base,
  title = {R: A Language and Environment for Statistical
    Computing},
  author = {{R Core Team}},
  organization = {R Foundation for Statistical Computing},
  address = {Vienna, Austria},
  year = {2016},
  url = {https://www.R-project.org/},
}

@article{hu,
author = {Hu, T., Zhang, D., & Wang, J. (2014, December 13)},
title = {A meta-analysis of the Trait Resilience and Mental Health. Personality and Individual Differences},
url = {https://www.sciencedirect.com/science/article/pii/S0191886914006710}
}

Dale, H., Brassington, L., & King, K. (2014, March 5). The impact of healthy lifestyle interventions on Mental Health and Wellbeing: A systematic review. Mental Health Review Journal. https://www.emerald.com/insight/content/doi/10.1108/MHRJ-05-2013-0016/full/html

A cross-cultural psychometric evaluation of the Athletic Identity Measurement Scale. Taylor & Francis. (n.d.). https://www.tandfonline.com/doi/full/10.1080/10413200802415048

The brief resilience scale. Evaluating wellbeing. (2021, March 15). https://measure.whatworkswellbeing.org/measures-bank/brief-resilience-scale/

Fung S. F. (2020). Validity of the Brief Resilience Scale and Brief Resilient Coping Scale in a Chinese Sample. International journal of environmental research and public health, 17(4), 1265. https://doi.org/10.3390/ijerph17041265

Mental health continuum short form. Lee Kum Sheung Center for Health and Happiness. (2022, March 16). https://www.hsph.harvard.edu/health-happiness/mental-health-continuum-short-form/

Hides, L., Quinn, C., Stoyanov, S., Cockshaw, W., Mitchell, T., & Kavanagh, D. J. (2016, April 23). Is the mental wellbeing of young Australians best represented by a single, multidimensional or bifactor model? Psychiatry Research. https://www.sciencedirect.com/science/article/pii/S0165178115305758